%% This BibTeX bibliography file was created using BibDesk.
%% http://bibdesk.sourceforge.net/

%% Created for sundaymouse at 2017-04-13 19:21:41 +0100 


%% Saved with string encoding Unicode (UTF-8) 



@inproceedings{owens2000application,
	Author = {Owens, Jonathan and Hunter, Andrew},
	Booktitle = {Visual Surveillance, 2000. Proceedings. Third IEEE International Workshop on},
	Date-Added = {2017-04-13 18:11:47 +0000},
	Date-Modified = {2017-04-13 18:11:47 +0000},
	Organization = {IEEE},
	Pages = {77--83},
	Title = {Application of the self-organising map to trajectory classification},
	Year = {2000}}

@book{haykin2008,
	Author = {Simon Haykin},
	Date-Added = {2017-04-13 17:24:14 +0000},
	Date-Modified = {2017-04-13 17:25:21 +0000},
	Edition = {3rd},
	Month = {November},
	Publisher = {Pearson},
	Title = {Neural Networks and Learning Machines: A Comprehensive Foundation},
	Year = {2008}}

@misc{rbf-lecture,
	Author = {Simon O'Keefe},
	Date-Added = {2017-04-13 16:52:54 +0000},
	Date-Modified = {2017-04-13 16:53:13 +0000},
	Howpublished = {Lecture notes for INCA, Department of Computer Science, University of York},
	Month = {November},
	Title = {Radial Basis Function Networks},
	Year = {2016}}

@misc{som-lecture,
	Author = {Simon O'Keefe},
	Date-Added = {2017-04-13 15:20:23 +0000},
	Date-Modified = {2017-04-13 15:46:54 +0000},
	Howpublished = {Lecture notes for INCA, Department of Computer Science, University of York},
	Month = {November},
	Title = {Self-organisation},
	Year = {2016}}

@article{kohonen2014matlab,
	Author = {Kohonen, Teuvo},
	Date-Added = {2017-04-13 14:48:01 +0000},
	Date-Modified = {2017-04-13 14:48:01 +0000},
	Journal = {Unigrafia Oy, Helsinki},
	Title = {MATLAB Implementations and Applications of the Self-organizing Map},
	Year = {2014}}

@article{candanedo2016accurate,
	Author = {Candanedo, Luis M and Feldheim, V{\'e}ronique},
	Date-Added = {2017-04-13 14:37:08 +0000},
	Date-Modified = {2017-04-13 14:37:08 +0000},
	Journal = {Energy and Buildings},
	Pages = {28--39},
	Publisher = {Elsevier},
	Title = {Accurate occupancy detection of an office room from light, temperature, humidity and CO 2 measurements using statistical learning models},
	Volume = {112},
	Year = {2016}}

@article{Dreiseitl2002352,
	Author = {Stephan Dreiseitl and Lucila Ohno-Machado},
	Date-Added = {2017-04-13 14:17:29 +0000},
	Date-Modified = {2017-04-13 14:51:35 +0000},
	Journal = {Journal of Biomedical Informatics},
	Keywords = {Medical data analysis},
	Number = {5--6},
	Pages = {352 - 359},
	Title = {Logistic regression and artificial neural network classification models: a methodology review},
	Volume = {35},
	Year = {2002},
	Bdsk-Url-1 = {http://www.sciencedirect.com/science/article/pii/S1532046403000340},
	Bdsk-Url-2 = {http://doi.org/10.1016/S1532-0464(03)00034-0}}
